@misc{rm-me,
  title = {Remove This},
  author = {Anon},
  howpublished = {\url{https://google.com}}
}
