@misc{ocaml,
    title = {OCaml},
    note = {\url{https://ocaml.org/}}
}

@misc{mechanicalturk,
    title = {Amazon Mechanical Turk},
    note = {\url{https://www.mturk.com/mturk/welcome}}
}

@inproceedings{almeida2016,
author = {Jose Bacelar Almeida and Manuel Barbosa and Gilles Barthe and Fran{\c c}ois Dupressoir and Michael Emmi},
title = {Verifying Constant-Time Implementations},
booktitle = {25th USENIX Security Symposium (USENIX Security 16)},
year = {2016},
month = Aug,
isbn = {978-1-931971-32-4},
address = {Austin, TX},
pages = {53--70},
url = {https://www.usenix.org/conference/usenixsecurity16/technical-sessions/presentation/almeida},
publisher = {USENIX Association},
}

@INPROCEEDINGS{hund2013,
author={R. Hund and C. Willems and T. Holz},
booktitle={2013 IEEE Symposium on Security and Privacy},
title={Practical Timing Side Channel Attacks against Kernel Space ASLR},
year={2013},
pages={191-205},
doi={10.1109/SP.2013.23},
ISSN={1081-6011},
month={May},}

@INPROCEEDINGS{liu2015,
author={F. Liu and Y. Yarom and Q. Ge and G. Heiser and R. B. Lee},
booktitle={2015 IEEE Symposium on Security and Privacy},
title={Last-Level Cache Side-Channel Attacks are Practical},
year={2015},
pages={605-622},
keywords={cache storage;cloud computing;security of data;virtual machines;GnuPG;IaaS cloud computing;Prime+Probe side-channel attack;covert channel;cross-VM attack;cross-core attack;last-level cache side-channel attacks;virtual machine monitor;Cryptography;Indexes;Memory management;Monitoring;Multicore processing;Probes;Virtual machine monitors;ElGamal;covert channel;cross-VM side channel;last-level cache;side-channel attack},
doi={10.1109/SP.2015.43},
ISSN={1081-6011},
month={May},}

@Inbook{koziel2016,
author="Koziel, Brian
and Jalali, Amir
and Azarderakhsh, Reza
and Jao, David
and Mozaffari-Kermani, Mehran",
editor="Foresti, Sara
and Persiano, Giuseppe",
title="NEON-SIDH: Efficient Implementation of Supersingular Isogeny Diffie-Hellman Key Exchange Protocol on ARM",
bookTitle="Cryptology and Network Security: 15th International Conference, CANS 2016, Milan, Italy, November 14-16, 2016, Proceedings ",
year="2016",
publisher="Springer International Publishing",
address="Cham",
pages="88--103",
isbn="978-3-319-48965-0",
doi="10.1007/978-3-319-48965-0_6",
url="http://dx.doi.org/10.1007/978-3-319-48965-0_6"
}

@Inbook{Spain2016,
author="Spain, Merrielle
and Varia, Mayank",
editor="Foresti, Sara
and Persiano, Giuseppe",
title="Diversity Within the Rijndael Design Principles for Resistance to Differential Power Analysis",
bookTitle="Cryptology and Network Security: 15th International Conference, CANS 2016, Milan, Italy, November 14-16, 2016, Proceedings ",
year="2016",
publisher="Springer International Publishing",
address="Cham",
pages="71--87",
isbn="978-3-319-48965-0",
doi="10.1007/978-3-319-48965-0_5",
url="http://dx.doi.org/10.1007/978-3-319-48965-0_5"
}

@Inbook{Vaudenay2016,
author="Vaudenay, Serge",
editor="Foresti, Sara
and Persiano, Giuseppe",
title="Side-Channel Attacks on Threshold Implementations Using a Glitch Algebra",
bookTitle="Cryptology and Network Security: 15th International Conference, CANS 2016, Milan, Italy, November 14-16, 2016, Proceedings ",
year="2016",
publisher="Springer International Publishing",
address="Cham",
pages="55--70",
isbn="978-3-319-48965-0",
doi="10.1007/978-3-319-48965-0_4",
url="http://dx.doi.org/10.1007/978-3-319-48965-0_4"
}

@inproceedings{molnar2005,
 author = {Molnar, David and Piotrowski, Matt and Schultz, David and Wagner, David},
 title = {The Program Counter Security Model: Automatic Detection and Removal of Control-flow Side Channel Attacks},
 booktitle = {Proceedings of the 8th International Conference on Information Security and Cryptology},
 series = {ICISC'05},
 year = {2006},
 isbn = {3-540-33354-1, 978-3-540-33354-8},
 location = {Seoul, Korea},
 pages = {156--168},
 numpages = {13},
 url = {http://dx.doi.org/10.1007/11734727_14},
 doi = {10.1007/11734727_14},
 acmid = {2182245},
 publisher = {Springer-Verlag},
 address = {Berlin, Heidelberg},
}

@inproceedings{kopf2009,
author={B. Köpf and M. Dürmuth},
booktitle={2009 22nd IEEE Computer Security Foundations Symposium},
title={A Provably Secure and Efficient Countermeasure against Timing Attacks},
year={2009},
pages={324-335},
keywords={cryptography;cryptosystem;deterministic side-channel;formal security;side-channel measurements;timing attacks;unknown-message attacker;Computer security;Cryptography;Data mining;Decorrelation;Electromagnetic measurements;Electromagnetic radiation;Energy consumption;Information security;Internet;Timing;Information Flow;Information Theory;Side-channel Attacks},
doi={10.1109/CSF.2009.21},
ISSN={1063-6900},
month={July},
}

@inproceedings{agat2000,
 author = {Agat, Johan},
 title = {Transforming out Timing Leaks},
 booktitle = {Proceedings of the 27th ACM SIGPLAN-SIGACT Symposium on Principles of Programming Languages},
 series = {POPL '00},
 year = {2000},
 isbn = {1-58113-125-9},
 location = {Boston, MA, USA},
 pages = {40--53},
 numpages = {14},
 url = {http://doi.acm.org/10.1145/325694.325702},
 doi = {10.1145/325694.325702},
 acmid = {325702},
 publisher = {ACM},
 address = {New York, NY, USA},
}

@inbook{buiras2014,
    Address = {Cham},
    Author = {Buiras, Pablo and Levy, Amit and Stefan, Deian and Russo, Alejandro and Mazi{\`e}res, David},
    Booktitle = {Trustworthy Global Computing: 8th International Symposium, TGC 2013, Buenos Aires, Argentina, August 30-31, 2013, Revised Selected Papers},
    Doi = {10.1007/978-3-319-05119-2_12},
    Editor = {Abadi, Mart{\'\i}n and Lluch Lafuente, Alberto},
    Isbn = {978-3-319-05119-2},
    Pages = {199--216},
    Publisher = {Springer International Publishing},
    Title = {A Library for Removing Cache-Based Attacks in Concurrent Information Flow Systems},
    Url = {http://dx.doi.org/10.1007/978-3-319-05119-2_12},
    Year = {2014},
    Bdsk-Url-1 = {http://dx.doi.org/10.1007/978-3-319-05119-2_12}
}

@inproceedings{stefan2012,
 author = {Stefan, Deian and Russo, Alejandro and Buiras, Pablo and Levy, Amit and Mitchell, John C. and Mazi{\'e}res, David},
 title = {Addressing Covert Termination and Timing Channels in Concurrent Information Flow Systems},
 booktitle = {Proceedings of the 17th ACM SIGPLAN International Conference on Functional Programming},
 series = {ICFP '12},
 year = {2012},
 isbn = {978-1-4503-1054-3},
 location = {Copenhagen, Denmark},
 pages = {201--214},
 numpages = {14},
 url = {http://doi.acm.org/10.1145/2364527.2364557},
 doi = {10.1145/2364527.2364557},
 acmid = {2364557},
 publisher = {ACM},
 address = {New York, NY, USA},
 keywords = {covert channels, library, monad},
}

@inproceedings{stefan2013,
  title={Eliminating Cache-Based Timing Attacks with Instruction-Based Scheduling},
  author={Stefan, Deian and Buiras, Pablo and Yang, Edward and Levy, Amit and Terei, David and Russo, Alejandro and Mazieres, David},
  booktitle={Proceedings of the 18th European Symposium on Research in Computer Security (ESORICS 2013)},
  year={2013},
}

@inproceedings{mitchell2012,
  title={Information-flow control for programming on encrypted data},
  author={Mitchell, John C and Sharma, Rahul and Stefan, Deian and Zimmerman, Joe},
  booktitle={{2012} IEEE 25th Computer Security Foundations Symposium},
  year={2012},
  organization={IEEE}
}

@inproceedings{planul2013,
  title={Oblivious Program Execution and Path-Sensitive Non-interference},
  author={Planul, Jeremy and Mitchell, John C},
  booktitle={Computer Security Foundations Symposium (CSF)},
  year={2013},
  organization={IEEE}
}

@inproceedings{wang2004,
  title={Covert and Side Channels Due to Processor Architecture},
  author={Wang, Zhenghong and Lee, Ruby},
  booktitle={ACSAC '06 Proceedings of the 22nd Annual Computer Security Applications Conference},
  year={2004},
  organization={ACM}
}

@article{rowland1997,
    author = {Craig H. Rowland},
    title = {Covert channels in the TCP/IP protocol suite},
    journal = {First Monday},
    volume = {2},
    number = {5},
    year = {1997},
}

@inproceedings{cabuk2004,
  title={IP covert timing channels: design and detection},
  author={Cabuk, Sebastian and Brodley, Carla and Shields, Clay},
  booktitle={CCS '04 Proceedings of the 11th ACM conference on Computer and communications security},
  year={2004},
  organization={ACM}
}

@inproceedings{zander2007,
  title={A survey of covert channels and countermeasures in computer network protocols},
  author={Zander, Sebastian and Armitage, Grenville and Branch, Phillip},
  booktitle={IEEE Communications Surveys \& Tutorials},
  volume={9},
  pages={44-57},
  year={2007},
  organization={IEEE}
}

@inproceedings{lampson1973,
  title={A Note on the Confinment Problem},
  author={Lampson, Butler W.},
  booktitle={Communications of the ACM},
  volume={16},
  pages={613--615},
  year={1973},
  organization={ACM}
}

@inproceedings{wray1991,
  title={An Analysis of Covert Timing Channels},
  author={Wray, John C.},
  booktitle={ACM Jounal of Computer Science},
  volume={1},
  pages={219--222},
  year={1991},
  organization={ACM}
}

@inproceedings{kemmerer2002,
  title={A Practical Approach to Identifying Storage and Timing Channels: Twenty Years Later},
  author={Kemmerer, Richard A},
  booktitle={{ACSAC} '02 Proceedings of the 18th Annual Computer Security Applications Conference
},
  year={2002},
  organization={ACM}
}

@inproceedings{lipner1975,
  title={A comment on the confinement problem},
  author={Lipner, Steven B},
  booktitle={{SOSP} '75 Proceedings of the fifth ACM symposium on Operating systems principles},
  year={1975},
  organization={ACM}
}

@article{brumley2005remote,
  title={Remote timing attacks are practical},
  author={Brumley, David and Boneh, Dan},
  journal={Computer Networks},
  volume={48},
  number={5},
  pages={701--716},
  year={2005},
  publisher={Elsevier}
}

@inproceedings{al2013lucky,
  title={Lucky thirteen: Breaking the TLS and DTLS record protocols},
  author={Al Fardan, Nadhem J and Paterson, Kenneth G},
  booktitle={Security and Privacy (SP), 2013 IEEE Symposium on},
  pages={526--540},
  year={2013},
  organization={IEEE}
}

@inproceedings{alfardan2012plaintext,
  title={Plaintext-recovery attacks against datagram TLS},
  author={AlFardan, Nadhem J and Paterson, Kenneth G},
  booktitle={Network and Distributed System Security Symposium (NDSS 2012)},
  year={2012}
}

@article{intel2016manual,
  title={Intel 64 and IA-32 architectures optimization reference manual},
  author={Intel},
  journal={Intel Corporation, June},
  year={2016}
}

@inproceedings{kaufmann2016constant,
 title={When Constant-Time Source Yields Variable-Time Binary: Exploiting Curve25519-donna Built with MSVC 2015},
 author={Kaufmann, Thierry and Pelletier, Herv{\'e} and Vaudenay, Serge and Villegas, Karine},
 booktitle={International Conference on Cryptology and Network Security},
 pages={573--582},
 year={2016},
 organization={Springer}
}
